@misc{lukasczyk2022pynguin,
  title        = {Pynguin: Automated Unit Test Generation for Python},
  author       = {Lukasczyk, Stephan and Fraser, Gordon},
  year         = {2022},
  eprint       = {2202.05218},
  archivePrefix= {arXiv},
  primaryClass = {cs.SE},
  url          = {https://arxiv.org/abs/2202.05218}
}
@article{yang2024evaluation,
  title        = {On the Evaluation of Large Language Models in Unit Test Generation},
  author       = {Lin Yang and Chen Yang and Shutao Gao and Weijing Wang and Bo Wang and Qihao Zhu and Xiao Chu and Jianyi Zhou and Guangtai Liang and Qianxiang Wang and Junjie Chen},
  journal      = {arXiv preprint arXiv:2406.18181},
  year         = {2024},
  url          = {https://arxiv.org/abs/2406.18181},
  note         = {Accepted by ASE 2024, Research Paper Track}
}
@article{jiang2024survey,
  title        = {A Survey on Large Language Models for Code Generation},
  author       = {Jiang, Juyong and Wang, Fan and Shen, Jiasi and Kim, Sungju and Kim, Sunghun},
  journal      = {arXiv preprint arXiv:2406.00515},
  year         = {2024},
  url          = {https://arxiv.org/abs/2406.00515}
}
@misc{coderm2024,
  author       = {KAKA22},
  title        = {CodeRM-UnitTest Dataset},
  howpublished = {\url{https://huggingface.co/datasets/KAKA22/CodeRM-UnitTest}},
  year         = {2024}}